<record><leader>00000cas a2200000 a 4500</leader><controlfield tag="001">45449804</controlfield><controlfield tag="007">hd afu---baca</controlfield><controlfield tag="008">001130d18941910tnudr nea     0    0eng c</controlfield><datafield ind1=" " ind2=" " tag="010"><subfield code="a">   00229123 </subfield></datafield><datafield ind1=" " ind2=" " tag="040"><subfield code="a">FUG</subfield><subfield code="b">eng</subfield><subfield code="c">FUG</subfield><subfield code="d">OCLCQ</subfield><subfield code="d">OCLCF</subfield><subfield code="d">OCLCO</subfield></datafield><datafield ind1="1" ind2=" " tag="029"><subfield code="a">AU@</subfield><subfield code="b">000022106424</subfield></datafield><datafield ind1=" " ind2=" " tag="042"><subfield code="a">pcc</subfield></datafield><datafield ind1=" " ind2=" " tag="043"><subfield code="a">n-us-tn</subfield></datafield><datafield ind1="0" ind2=" " tag="130"><subfield code="a">Nashville American (Nashville, Tenn. : 1894 : Daily)</subfield></datafield><datafield ind1="1" ind2="4" tag="245"><subfield code="a">The Nashville American</subfield><subfield code="h">[microform].</subfield></datafield><datafield ind1="1" ind2="7" tag="246"><subfield code="a">Nashville daily American</subfield></datafield><datafield ind1="1" ind2="7" tag="246"><subfield code="a">Nashville Sunday American</subfield></datafield><datafield ind1=" " ind2=" " tag="260"><subfield code="a">Nashville [Tenn.] :</subfield><subfield code="b">American Pub. Co.,</subfield><subfield code="c">1894-1910.</subfield></datafield><datafield ind1=" " ind2=" " tag="300"><subfield code="a">v. :</subfield><subfield code="b">ill. (chiefly advertisements)</subfield></datafield><datafield ind1=" " ind2=" " tag="310"><subfield code="a">Daily</subfield></datafield><datafield ind1="0" ind2=" " tag="362"><subfield code="a">Vol. 20, no. 6540 (Sept. 30, 1894)-v. 35, no. 12808 (Sept. 25, 1910).</subfield></datafield><datafield ind1=" " ind2=" " tag="500"><subfield code="a">Published a 98th Anniversary ed., June 26, 1910.</subfield></datafield><datafield ind1=" " ind2=" " tag="530"><subfield code="a">Also issued in print.</subfield></datafield><datafield ind1=" " ind2=" " tag="580"><subfield code="a">Merged with: Nashville Tennessean (Nashville, Tenn. : 1907), to form: Nashville Tennessean and the Nashville American.</subfield></datafield><datafield ind1=" " ind2=" " tag="533"><subfield code="a">Microfilm.</subfield><subfield code="b">Washington :</subfield><subfield code="c">Library of Congress.</subfield><subfield code="d">1980.</subfield><subfield code="e">microfilm reels ; 35 mm.</subfield></datafield><datafield ind1=" " ind2="0" tag="651"><subfield code="a">Davidson County (Tenn.)</subfield><subfield code="v">Newspapers.</subfield></datafield><datafield ind1=" " ind2="0" tag="651"><subfield code="a">Nashville (Tenn.)</subfield><subfield code="v">Newspapers.</subfield></datafield><datafield ind1=" " ind2="7" tag="655"><subfield code="a">Newspapers.</subfield><subfield code="2">fast</subfield><subfield code="0">(OCoLC)fst01423814</subfield></datafield><datafield ind1=" " ind2="7" tag="651"><subfield code="a">Tennessee</subfield><subfield code="z">Davidson County.</subfield><subfield code="2">fast</subfield><subfield code="0">(OCoLC)fst01205346</subfield></datafield><datafield ind1=" " ind2="7" tag="651"><subfield code="a">Tennessee</subfield><subfield code="z">Nashville.</subfield><subfield code="2">fast</subfield><subfield code="0">(OCoLC)fst01204195</subfield></datafield><datafield ind1=" " ind2=" " tag="752"><subfield code="a">United States</subfield><subfield code="b">Tennessee</subfield><subfield code="c">Davidson</subfield><subfield code="d">Nashville.</subfield></datafield><datafield ind1="0" ind2=" " tag="775"><subfield code="t">Semi-weekly American (Nashville, Tenn. : 1894)</subfield></datafield><datafield ind1="0" ind2=" " tag="775"><subfield code="t">Nashville American (Nashville, Tenn. : 1900 : Weekly)</subfield></datafield><datafield ind1="0" ind2=" " tag="775"><subfield code="t">Nashville weekly American (Nashville, Tenn. : 1901)</subfield></datafield><datafield ind1="0" ind2=" " tag="775"><subfield code="t">Nashville American (Nashville, Tenn. : 1905 : Weekly)</subfield></datafield><datafield ind1="0" ind2=" " tag="775"><subfield code="t">American weekly (Nashville, Tenn. : 1906)</subfield></datafield><datafield ind1="1" ind2=" " tag="776"><subfield code="c">Original</subfield><subfield code="w">(DLC)sn 86071146</subfield><subfield code="w">(OCoLC)13191528</subfield></datafield><datafield ind1="0" ind2="0" tag="780"><subfield code="t">Daily American (Nashville, Tenn.)</subfield><subfield code="w">(DLC)   00229122</subfield><subfield code="w">(OCoLC)45429255</subfield></datafield><datafield ind1="1" ind2="7" tag="785"><subfield code="t">Nashville Tennessean (Nashville, Tenn. : 1907)</subfield></datafield><datafield ind1="1" ind2="7" tag="785"><subfield code="t">Nashville Tennessean and the Nashville American</subfield></datafield><datafield ind1=" " ind2=" " tag="850"><subfield code="a">FU</subfield></datafield></record>